@book{zbMATH07814195,
    author = {Brou{\'e}, Michel},
    title = {From rings and modules to {Hopf} algebras. {One} flew over the algebraist's nest},
    isbn = {978-3-031-50061-9; 978-3-031-50062-6},
    year = {2024},
    publisher = {Cham: Springer},
    language = {English},
    doi = {10.1007/978-3-031-50062-6},
    keywords = {13-02,16-02,20Cxx,13Cxx,16T05},
    zbMATH = {7814195},
    Zbl = {1558.13001}
}

@book{zbMATH00706259,
 author = {Kassel, Christian},
 title = {Quantum groups},
 fseries = {Graduate Texts in Mathematics},
 series = {Grad. Texts Math.},
 issn = {0072-5285},
 volume = {155},
 isbn = {0-387-94370-6},
 year = {1995},
 publisher = {New York, NY: Springer-Verlag},
 language = {English},
 keywords = {17B37,16W30,57M25,17-02,16-02,57-02,81R50,18D10},
 zbMATH = {706259},
 Zbl = {0808.17003}
}

@article{zbMATH05644666,
 author = {Andruskiewitsch, Nicol{\'a}s and Ferrer Santos, Walter},
 title = {The beginnings of the theory of {Hopf} algebras.},
 fjournal = {Acta Applicandae Mathematicae},
 journal = {Acta Appl. Math.},
 issn = {0167-8019},
 volume = {108},
 number = {1},
 pages = {3--17},
 year = {2009},
 language = {English},
 doi = {10.1007/s10440-008-9393-1},
 keywords = {16T05,57T05,01A60,16-03,57-03},
 zbMATH = {5644666},
 Zbl = {1192.16030}
}

@book{zbMATH07679315,
    author = {Kashaev, Rinat},
    title = {A course on {Hopf} algebras},
    fseries = {Universitext},
    series = {Universitext},
    issn = {0172-5939},
    isbn = {978-3-031-26305-7; 978-3-031-26306-4},
    year = {2023},
    publisher = {Cham: Springer},
    language = {English},
    doi = {10.1007/978-3-031-26306-4},
    keywords = {16T05,16T25,17B37,18M05,57K14},
    zbMATH = {7679315},
    Zbl = {1520.16028}
}

@book{zbMATH07372929,
    author = {Cartier, Pierre and Patras, Fr{\'e}d{\'e}ric},
    title = {Classical {Hopf} algebras and their applications},
    fseries = {Algebra and Applications},
    series = {Algebr. Appl.},
    issn = {1572-5553},
    volume = {29},
    isbn = {978-3-030-77844-6; 978-3-030-77847-7; 978-3-030-77845-3},
    year = {2021},
    publisher = {Cham: Springer},
    language = {English},
    doi = {10.1007/978-3-030-77845-3},
    keywords = {16-01,16T05,16S30,16T15,16T30,16W10},
    zbMATH = {7372929},
    Zbl = {1514.16001}
}

@book{zbMATH07269807,
    author = {Heckenberger, Istv{\'a}n and Schneider, Hans-J{\"u}rgen},
    title = {Hopf algebras and root systems},
    fseries = {Mathematical Surveys and Monographs},
    series = {Math. Surv. Monogr.},
    issn = {0076-5376},
    volume = {247},
    isbn = {978-1-4704-5232-2; 978-1-4704-5680-1},
    year = {2020},
    publisher = {Providence, RI: American Mathematical Society (AMS)},
    language = {English},
    doi = {10.1090/surv/247},
    keywords = {16T05,16T20,16B50,17B22,20L05},
    zbMATH = {7269807},
    Zbl = {1473.16026}
}

@book{zbMATH05906466,
    author = {Radford, David E.},
    title = {Hopf algebras.},
    fseries = {Series on Knots and Everything},
    series = {Ser. Knots Everything},
    issn = {0219-9769},
    volume = {49},
    isbn = {978-981-4335-99-7; 978-981-4338-66-0},
    year = {2012},
    publisher = {Hackensack, NJ: World Scientific},
    language = {English},
    doi = {10.1142/9789814338660},
    keywords = {16T05,17B37,16-02,16Txx},
    zbMATH = {5906466},
    Zbl = {1266.16036}
}

@book{zbMATH01378550,
    author = {Schneider, Hans-J{\"u}rgen},
    title = {Lectures on {Hopf} algebras. {Notes} by {Sonia} {Natale}},
    year = {1995},
    publisher = {C{\'o}rdoba: Universidad Nacional de C{\'o}rdoba, Facultad de Matem{\'a}tica, Astronom{\'{\i}}a y F{\'{\i}}sica},
    language = {English},
    keywords = {16W30,16-01},
    zbMATH = {1378550},
    Zbl = {0935.16030}
}

@book{zbMATH00482792,
    author = {Montgomery, Susan},
    title = {Hopf algebras and their actions on rings. {Expanded} version of ten lectures given at the {CBMS} {Conference} on {Hopf} algebras and their actions on rings, which took place at {DePaul} {University} in {Chicago}, {USA}, {August} 10-14, 1992},
    fseries = {Regional Conference Series in Mathematics},
    series = {Reg. Conf. Ser. Math.},
    issn = {0160-7642},
    volume = {82},
    isbn = {0-8218-0738-2},
    year = {1993},
    publisher = {Providence, RI: American Mathematical Society},
    language = {English},
    keywords = {16W30,16S40,16-02},
    zbMATH = {482792},
    Zbl = {0793.16029}
}

@book{zbMATH03747352,
    author = {Abe, Eiichi},
    title = {Hopf algebras},
    fseries = {Cambridge Tracts in Mathematics},
    series = {Camb. Tracts Math.},
    issn = {0950-6284},
    volume = {74},
    year = {1980},
    publisher = {Cambridge University Press, Cambridge},
    language = {English},
    keywords = {16W30,16-02,14L17},
    zbMATH = {3747352},
    Zbl = {0476.16008}
}

@misc{zbMATH03309240,
    author = {Sweedler, M. E.},
    title = {Hopf algebras},
    year = {1969},
    language = {English},
    howpublished = {New {York}: {W}.{A}. {Benjamin}, {Inc}. 1969, 336 p. (1969).},
    keywords = {16W30,16-02},
    zbMATH = {3309240},
    Zbl = {0194.32901}
}